@inproceedings{DBLP:conf/arith/BickerstaffSS01,
    author       = {K'Andrea C. Bickerstaff and
    Earl E. Swartzlander Jr. and
    Michael J. Schulte},
    title        = {Analysis of Column Compression Multipliers},
    booktitle    = {{IEEE} Symposium on Computer Arithmetic},
    pages        = {33--39},
    publisher    = {{IEEE} Computer Society},
    year         = {2001}
}

@inproceedings{DBLP:conf/arith/MartelORS95,
    author       = {Charles U. Martel and
    Vojin G. Oklobdzija and
    R. Ravi and
    Paul F. Stelling},
    title        = {Design Strategies for Optimal Multiplier Circuits},
    booktitle    = {{IEEE} Symposium on Computer Arithmetic},
    pages        = {42--49},
    publisher    = {{IEEE} Computer Society},
    year         = {1995}
}

@article{DBLP:journals/tc/StellingMOR98,
    author       = {Paul F. Stelling and
    Charles U. Martel and
    Vojin G. Oklobdzija and
    R. Ravi},
    title        = {Optimal Circuits for Parallel Multipliers},
    journal      = {{IEEE} Trans. Computers},
    volume       = {47},
    number       = {3},
    pages        = {273--285},
    year         = {1998}
}

@article{DBLP:journals/ipl/DemenkovKKY10,
  author       = {Evgeny Demenkov and
                  Arist Kojevnikov and
                  Alexander S. Kulikov and
                  Grigory Yaroslavtsev},
  title        = {New upper bounds on the Boolean circuit complexity of symmetric functions},
  journal      = {Inf. Process. Lett.},
  volume       = {110},
  number       = {7},
  pages        = {264--267},
  year         = {2010}
}

@article{dadda,
	author       = {Luigi Dadda},
	title        = {Some schemes for parallel multipliers},
	journal      = {Alta Frequenza},
	volume       = {34},
	number       = {5},
	pages        = {349--356},
	year         = {1965}
}

@article{DBLP:journals/cc/PatersonZ93,
	author       = {Mike Paterson and Uri Zwick},
	title        = {Shallow Circuits and Concise Formulae for Multiple Addition and Multiplication},
	journal      = {Comput. Complex.},
	volume       = {3},
	pages        = {262--291},
	year         = {1993}
}

@article{Red81,
	author = {Nikolay Red'kin},
	journal = {Problemy kibernetiki},
	pages = {181--216},
	volume = {38},
	title = {Minimal realization of a binary adder},
	year = {1981},
	note = {In Russian},
}

@inproceedings{DBLP:conf/mfcs/KulikovPS22,
	author       = {Alexander S. Kulikov and
	Danila Pechenev and
	Nikita Slezkin},
	title        = {SAT-Based Circuit Local Improvement},
	booktitle    = {{MFCS}},
	series       = {LIPIcs},
	volume       = {241},
	pages        = {67:1--67:15},
	publisher    = {Schloss Dagstuhl - Leibniz-Zentrum f{\"{u}}r Informatik},
	year         = {2022}
}


